%YAML 1.1
%TAG !u! tag:unity3d.com,2011:
--- !u!1 &4391577339040082671
GameObject:
  m_ObjectHideFlags: 0
  m_CorrespondingSourceObject: {fileID: 0}
  m_PrefabInstance: {fileID: 0}
  m_PrefabAsset: {fileID: 0}
  serializedVersion: 6
  m_Component:
  - component: {fileID: 4391577339040082670}
  - component: {fileID: 4391577339040082657}
  m_Layer: 0
  m_Name: CollectableDetector
  m_TagString: Player
  m_Icon: {fileID: 0}
  m_NavMeshLayer: 0
  m_StaticEditorFlags: 0
  m_IsActive: 1
--- !u!4 &4391577339040082670
Transform:
  m_ObjectHideFlags: 0
  m_CorrespondingSourceObject: {fileID: 0}
  m_PrefabInstance: {fileID: 0}
  m_PrefabAsset: {fileID: 0}
  m_GameObject: {fileID: 4391577339040082671}
  m_LocalRotation: {x: 0, y: 0, z: 0, w: 1}
  m_LocalPosition: {x: 0, y: 0, z: 0}
  m_LocalScale: {x: 1, y: 1, z: 1}
  m_Children: []
  m_Father: {fileID: 4391577340568548918}
  m_RootOrder: 1
  m_LocalEulerAnglesHint: {x: 0, y: 0, z: 0}
--- !u!135 &4391577339040082657
SphereCollider:
  m_ObjectHideFlags: 0
  m_CorrespondingSourceObject: {fileID: 0}
  m_PrefabInstance: {fileID: 0}
  m_PrefabAsset: {fileID: 0}
  m_GameObject: {fileID: 4391577339040082671}
  m_Material: {fileID: 0}
  m_IsTrigger: 1
  m_Enabled: 1
  serializedVersion: 2
  m_Radius: 1.37
  m_Center: {x: 0, y: 0, z: 0}
--- !u!1 &4391577339634417439
GameObject:
  m_ObjectHideFlags: 0
  m_CorrespondingSourceObject: {fileID: 0}
  m_PrefabInstance: {fileID: 0}
  m_PrefabAsset: {fileID: 0}
  serializedVersion: 6
  m_Component:
  - component: {fileID: 4391577339634417438}
  - component: {fileID: 4391577339634417425}
  m_Layer: 0
  m_Name: Circle
  m_TagString: Player
  m_Icon: {fileID: 0}
  m_NavMeshLayer: 0
  m_StaticEditorFlags: 0
  m_IsActive: 1
--- !u!4 &4391577339634417438
Transform:
  m_ObjectHideFlags: 0
  m_CorrespondingSourceObject: {fileID: 0}
  m_PrefabInstance: {fileID: 0}
  m_PrefabAsset: {fileID: 0}
  m_GameObject: {fileID: 4391577339634417439}
  m_LocalRotation: {x: 0.7071068, y: 0, z: 0, w: 0.7071068}
  m_LocalPosition: {x: 0, y: 0.04, z: 0}
  m_LocalScale: {x: 1, y: 1, z: 1}
  m_Children: []
  m_Father: {fileID: 4391577340568548918}
  m_RootOrder: 2
  m_LocalEulerAnglesHint: {x: 90, y: 0, z: 0}
--- !u!212 &4391577339634417425
SpriteRenderer:
  m_ObjectHideFlags: 0
  m_CorrespondingSourceObject: {fileID: 0}
  m_PrefabInstance: {fileID: 0}
  m_PrefabAsset: {fileID: 0}
  m_GameObject: {fileID: 4391577339634417439}
  m_Enabled: 1
  m_CastShadows: 0
  m_ReceiveShadows: 0
  m_DynamicOccludee: 1
  m_MotionVectors: 1
  m_LightProbeUsage: 1
  m_ReflectionProbeUsage: 1
  m_RayTracingMode: 0
  m_RenderingLayerMask: 1
  m_RendererPriority: 0
  m_Materials:
  - {fileID: 10754, guid: 0000000000000000f000000000000000, type: 0}
  m_StaticBatchInfo:
    firstSubMesh: 0
    subMeshCount: 0
  m_StaticBatchRoot: {fileID: 0}
  m_ProbeAnchor: {fileID: 0}
  m_LightProbeVolumeOverride: {fileID: 0}
  m_ScaleInLightmap: 1
  m_ReceiveGI: 1
  m_PreserveUVs: 0
  m_IgnoreNormalsForChartDetection: 0
  m_ImportantGI: 0
  m_StitchLightmapSeams: 1
  m_SelectedEditorRenderState: 0
  m_MinimumChartSize: 4
  m_AutoUVMaxDistance: 0.5
  m_AutoUVMaxAngle: 89
  m_LightmapParameters: {fileID: 0}
  m_SortingLayerID: 0
  m_SortingLayer: 0
  m_SortingOrder: 0
  m_Sprite: {fileID: 21300000, guid: b596c47be77d346b5bd89561b87506a0, type: 3}
  m_Color: {r: 0.21960786, g: 0.52156866, b: 0.78823537, a: 0.8509804}
  m_FlipX: 0
  m_FlipY: 0
  m_DrawMode: 0
  m_Size: {x: 3, y: 3}
  m_AdaptiveModeThreshold: 0.5
  m_SpriteTileMode: 0
  m_WasSpriteAssigned: 1
  m_MaskInteraction: 0
  m_SpriteSortPoint: 0
--- !u!136 &5692710794520943059
CapsuleCollider:
  m_ObjectHideFlags: 0
  m_CorrespondingSourceObject: {fileID: 0}
  m_PrefabInstance: {fileID: 0}
  m_PrefabAsset: {fileID: 0}
  m_GameObject: {fileID: 5752197630950344165}
  m_Material: {fileID: 0}
  m_IsTrigger: 0
  m_Enabled: 1
  m_Radius: 0.5
  m_Height: 3.642631
  m_Direction: 1
  m_Center: {x: 0, y: 1.6429968, z: 0}
--- !u!1 &4391577340568548915
GameObject:
  m_ObjectHideFlags: 0
  m_CorrespondingSourceObject: {fileID: 0}
  m_PrefabInstance: {fileID: 0}
  m_PrefabAsset: {fileID: 0}
  serializedVersion: 6
  m_Component:
  - component: {fileID: 4391577340568548918}
  - component: {fileID: 4391577340568548914}
  - component: {fileID: 6601696198661730090}
  - component: {fileID: 2549765696213339837}
  - component: {fileID: 1355149783867445394}
  - component: {fileID: 8199936692634955291}
  - component: {fileID: 4391577340049117292}
  - component: {fileID: 4391577340049117295}
  - component: {fileID: 1403156145244520029}
  m_Layer: 0
  m_Name: PlayerCh Main 1
  m_TagString: Player
  m_Icon: {fileID: 0}
  m_NavMeshLayer: 0
  m_StaticEditorFlags: 0
  m_IsActive: 1
--- !u!4 &4391577340568548918
Transform:
  m_ObjectHideFlags: 0
  m_CorrespondingSourceObject: {fileID: 0}
  m_PrefabInstance: {fileID: 0}
  m_PrefabAsset: {fileID: 0}
  m_GameObject: {fileID: 4391577340568548915}
  m_LocalRotation: {x: -0, y: -0, z: -0, w: 1}
  m_LocalPosition: {x: 0, y: 0, z: 0}
  m_LocalScale: {x: 1, y: 1, z: 1}
  m_Children:
  - {fileID: 8757443660443121654}
  - {fileID: 4391577339040082670}
  - {fileID: 4391577339634417438}
  m_Father: {fileID: 0}
  m_RootOrder: 0
  m_LocalEulerAnglesHint: {x: 0, y: 0, z: 0}
--- !u!54 &4391577340568548914
Rigidbody:
  m_ObjectHideFlags: 0
  m_CorrespondingSourceObject: {fileID: 0}
  m_PrefabInstance: {fileID: 0}
  m_PrefabAsset: {fileID: 0}
  m_GameObject: {fileID: 4391577340568548915}
  serializedVersion: 2
  m_Mass: 1
  m_Drag: 0
  m_AngularDrag: 0.05
  m_UseGravity: 1
  m_IsKinematic: 1
  m_Interpolate: 0
  m_Constraints: 0
  m_CollisionDetection: 0
--- !u!114 &6601696198661730090
MonoBehaviour:
  m_ObjectHideFlags: 0
  m_CorrespondingSourceObject: {fileID: 0}
  m_PrefabInstance: {fileID: 0}
  m_PrefabAsset: {fileID: 0}
  m_GameObject: {fileID: 4391577340568548915}
  m_Enabled: 1
  m_EditorHideFlags: 0
  m_Script: {fileID: 11500000, guid: 131ed69b8fe2d45d7a6b147525946c07, type: 3}
  m_Name: 
  m_EditorClassIdentifier: 
  _maxAngleToRotate: 360
  _lerpFactor: 3
--- !u!114 &2549765696213339837
MonoBehaviour:
  m_ObjectHideFlags: 0
  m_CorrespondingSourceObject: {fileID: 0}
  m_PrefabInstance: {fileID: 0}
  m_PrefabAsset: {fileID: 0}
  m_GameObject: {fileID: 4391577340568548915}
  m_Enabled: 1
  m_EditorHideFlags: 0
  m_Script: {fileID: 11500000, guid: d8fe08167506349409290c7c31bdb6ff, type: 3}
  m_Name: 
  m_EditorClassIdentifier: 
  _collectibleGenerator: {fileID: 0}
  _box: {fileID: 6605076514399351218}
  _score: {fileID: 0}
  _initialScoreCount: 0
--- !u!114 &1355149783867445394
MonoBehaviour:
  m_ObjectHideFlags: 0
  m_CorrespondingSourceObject: {fileID: 0}
  m_PrefabInstance: {fileID: 0}
  m_PrefabAsset: {fileID: 0}
  m_GameObject: {fileID: 4391577340568548915}
  m_Enabled: 1
  m_EditorHideFlags: 0
  m_Script: {fileID: 11500000, guid: d914e72d204f04bc8b87d8b32ea4ec6f, type: 3}
  m_Name: 
  m_EditorClassIdentifier: 
  _deltaScalePerCollectible: 0.01
  _maxScale: 2
--- !u!114 &8199936692634955291
MonoBehaviour:
  m_ObjectHideFlags: 0
  m_CorrespondingSourceObject: {fileID: 0}
  m_PrefabInstance: {fileID: 0}
  m_PrefabAsset: {fileID: 0}
  m_GameObject: {fileID: 4391577340568548915}
  m_Enabled: 1
  m_EditorHideFlags: 0
  m_Script: {fileID: 11500000, guid: e6387cf05f8594a26a876b3fa9415807, type: 3}
  m_Name: 
  m_EditorClassIdentifier: 
  _initialSpeed: 6
  _speedRange:
    min: 0
    max: 10
  _deltaSpeedPerCollectible: 0.2
  _speed: 0
  _animator: {fileID: 1658084827374672524}
--- !u!114 &4391577340049117292
MonoBehaviour:
  m_ObjectHideFlags: 0
  m_CorrespondingSourceObject: {fileID: 0}
  m_PrefabInstance: {fileID: 0}
  m_PrefabAsset: {fileID: 0}
  m_GameObject: {fileID: 4391577340568548915}
  m_Enabled: 1
  m_EditorHideFlags: 0
  m_Script: {fileID: 11500000, guid: 23c0253886bb44dd5bd8611fb983c553, type: 3}
  m_Name: 
  m_EditorClassIdentifier: 
--- !u!114 &4391577340049117295
MonoBehaviour:
  m_ObjectHideFlags: 0
  m_CorrespondingSourceObject: {fileID: 0}
  m_PrefabInstance: {fileID: 0}
  m_PrefabAsset: {fileID: 0}
  m_GameObject: {fileID: 4391577340568548915}
  m_Enabled: 1
  m_EditorHideFlags: 0
  m_Script: {fileID: 11500000, guid: 0c85b7bd278364d08b0cfa906acfc786, type: 3}
  m_Name: 
  m_EditorClassIdentifier: 
  _arrowMaxDistance: 2.5
  _arrowHolder: {fileID: 0}
--- !u!114 &1403156145244520029
MonoBehaviour:
  m_ObjectHideFlags: 0
  m_CorrespondingSourceObject: {fileID: 0}
  m_PrefabInstance: {fileID: 0}
  m_PrefabAsset: {fileID: 0}
  m_GameObject: {fileID: 4391577340568548915}
  m_Enabled: 1
  m_EditorHideFlags: 0
  m_Script: {fileID: 11500000, guid: 97e6bfd1b1f884177bf28c955b0745f4, type: 3}
  m_Name: 
  m_EditorClassIdentifier: 
  _pushForceByTime:
    serializedVersion: 2
    m_Curve:
    - serializedVersion: 3
      time: 0
      value: 1
      inSlope: -1
      outSlope: -1
      tangentMode: 34
      weightedMode: 0
      inWeight: 0
      outWeight: 0.33333334
    - serializedVersion: 3
      time: 1
      value: 0
      inSlope: -1
      outSlope: -1
      tangentMode: 34
      weightedMode: 0
      inWeight: 0.33333334
      outWeight: 0
    m_PreInfinity: 2
    m_PostInfinity: 2
    m_RotationOrder: 4
  _pushEffectDuration: 1
  _pushFactor: 1
  debug: {x: 0, y: 0, z: 0}
--- !u!1001 &4391577339971820780
PrefabInstance:
  m_ObjectHideFlags: 0
  serializedVersion: 2
  m_Modification:
    m_TransformParent: {fileID: 4391577340568548918}
    m_Modifications:
    - target: {fileID: -8308141104069395787, guid: 10657333512a74852936ad4ccfff46a7,
        type: 3}
      propertyPath: m_LocalEulerAnglesHint.x
      value: -60.033398
      objectReference: {fileID: 0}
    - target: {fileID: -8308141104069395787, guid: 10657333512a74852936ad4ccfff46a7,
        type: 3}
      propertyPath: m_LocalEulerAnglesHint.y
      value: 157.70586
      objectReference: {fileID: 0}
    - target: {fileID: -8308141104069395787, guid: 10657333512a74852936ad4ccfff46a7,
        type: 3}
      propertyPath: m_LocalEulerAnglesHint.z
      value: 162.1153
      objectReference: {fileID: 0}
    - target: {fileID: -6057140222963153312, guid: 10657333512a74852936ad4ccfff46a7,
        type: 3}
      propertyPath: m_Controller
      value: 
      objectReference: {fileID: 9100000, guid: 6c7e9b6771cd94466b4699849470d70c, type: 2}
    - target: {fileID: -4216859302048453862, guid: 10657333512a74852936ad4ccfff46a7,
        type: 3}
      propertyPath: m_LocalPosition.x
      value: 0
      objectReference: {fileID: 0}
    - target: {fileID: -4216859302048453862, guid: 10657333512a74852936ad4ccfff46a7,
        type: 3}
      propertyPath: m_LocalPosition.y
      value: 0
      objectReference: {fileID: 0}
    - target: {fileID: -4216859302048453862, guid: 10657333512a74852936ad4ccfff46a7,
        type: 3}
      propertyPath: m_LocalPosition.z
      value: 0
      objectReference: {fileID: 0}
    - target: {fileID: -4216859302048453862, guid: 10657333512a74852936ad4ccfff46a7,
        type: 3}
      propertyPath: m_LocalRotation.x
      value: -0
      objectReference: {fileID: 0}
    - target: {fileID: -4216859302048453862, guid: 10657333512a74852936ad4ccfff46a7,
        type: 3}
      propertyPath: m_LocalRotation.y
      value: -0
      objectReference: {fileID: 0}
    - target: {fileID: -4216859302048453862, guid: 10657333512a74852936ad4ccfff46a7,
        type: 3}
      propertyPath: m_LocalRotation.z
      value: -0
      objectReference: {fileID: 0}
    - target: {fileID: -4216859302048453862, guid: 10657333512a74852936ad4ccfff46a7,
        type: 3}
      propertyPath: m_LocalRotation.w
      value: 1
      objectReference: {fileID: 0}
    - target: {fileID: -4216859302048453862, guid: 10657333512a74852936ad4ccfff46a7,
        type: 3}
      propertyPath: m_RootOrder
      value: 0
      objectReference: {fileID: 0}
    - target: {fileID: -4216859302048453862, guid: 10657333512a74852936ad4ccfff46a7,
        type: 3}
      propertyPath: m_LocalEulerAnglesHint.x
      value: 0
      objectReference: {fileID: 0}
    - target: {fileID: -4216859302048453862, guid: 10657333512a74852936ad4ccfff46a7,
        type: 3}
      propertyPath: m_LocalEulerAnglesHint.y
      value: 0
      objectReference: {fileID: 0}
    - target: {fileID: -4216859302048453862, guid: 10657333512a74852936ad4ccfff46a7,
        type: 3}
      propertyPath: m_LocalEulerAnglesHint.z
      value: 0
      objectReference: {fileID: 0}
    - target: {fileID: -3523294187882140501, guid: 10657333512a74852936ad4ccfff46a7,
        type: 3}
      propertyPath: m_LocalEulerAnglesHint.x
      value: 3.9743593
      objectReference: {fileID: 0}
    - target: {fileID: -3523294187882140501, guid: 10657333512a74852936ad4ccfff46a7,
        type: 3}
      propertyPath: m_LocalEulerAnglesHint.y
      value: -97.07496
      objectReference: {fileID: 0}
    - target: {fileID: -3523294187882140501, guid: 10657333512a74852936ad4ccfff46a7,
        type: 3}
      propertyPath: m_LocalEulerAnglesHint.z
      value: -100.2422
      objectReference: {fileID: 0}
    - target: {fileID: -3523294187882140501, guid: 10657333512a74852936ad4ccfff46a7,
        type: 3}
      propertyPath: m_LocalPosition.y
      value: 1.9391698
      objectReference: {fileID: 0}
    - target: {fileID: -3523294187882140501, guid: 10657333512a74852936ad4ccfff46a7,
        type: 3}
      propertyPath: m_LocalRotation.x
      value: -0.5389003
      objectReference: {fileID: 0}
    - target: {fileID: -3523294187882140501, guid: 10657333512a74852936ad4ccfff46a7,
        type: 3}
      propertyPath: m_LocalRotation.y
      value: 0.5638379
      objectReference: {fileID: 0}
    - target: {fileID: -3523294187882140501, guid: 10657333512a74852936ad4ccfff46a7,
        type: 3}
      propertyPath: m_LocalRotation.z
      value: 0.43241617
      objectReference: {fileID: 0}
    - target: {fileID: -3523294187882140501, guid: 10657333512a74852936ad4ccfff46a7,
        type: 3}
      propertyPath: m_LocalRotation.w
      value: -0.45242622
      objectReference: {fileID: 0}
    - target: {fileID: -1689591895374445041, guid: 10657333512a74852936ad4ccfff46a7,
        type: 3}
      propertyPath: m_LocalEulerAnglesHint.x
      value: -58.328697
      objectReference: {fileID: 0}
    - target: {fileID: -1689591895374445041, guid: 10657333512a74852936ad4ccfff46a7,
        type: 3}
      propertyPath: m_LocalEulerAnglesHint.y
      value: 90.952774
      objectReference: {fileID: 0}
    - target: {fileID: -1689591895374445041, guid: 10657333512a74852936ad4ccfff46a7,
        type: 3}
      propertyPath: m_LocalEulerAnglesHint.z
      value: 69.167076
      objectReference: {fileID: 0}
    - target: {fileID: -927199367670048503, guid: 10657333512a74852936ad4ccfff46a7,
        type: 3}
      propertyPath: m_Name
      value: Player
      objectReference: {fileID: 0}
    - target: {fileID: 681028992615871916, guid: 10657333512a74852936ad4ccfff46a7,
        type: 3}
      propertyPath: m_LocalEulerAnglesHint.x
      value: 0.23620465
      objectReference: {fileID: 0}
    - target: {fileID: 681028992615871916, guid: 10657333512a74852936ad4ccfff46a7,
        type: 3}
      propertyPath: m_LocalEulerAnglesHint.y
      value: 80.16381
      objectReference: {fileID: 0}
    - target: {fileID: 681028992615871916, guid: 10657333512a74852936ad4ccfff46a7,
        type: 3}
      propertyPath: m_LocalEulerAnglesHint.z
      value: 0.23315668
      objectReference: {fileID: 0}
    - target: {fileID: 1426319159162737785, guid: 10657333512a74852936ad4ccfff46a7,
        type: 3}
      propertyPath: m_LocalEulerAnglesHint.x
      value: 41.216858
      objectReference: {fileID: 0}
    - target: {fileID: 1426319159162737785, guid: 10657333512a74852936ad4ccfff46a7,
        type: 3}
      propertyPath: m_LocalEulerAnglesHint.y
      value: 154.82188
      objectReference: {fileID: 0}
    - target: {fileID: 1426319159162737785, guid: 10657333512a74852936ad4ccfff46a7,
        type: 3}
      propertyPath: m_LocalEulerAnglesHint.z
      value: -65.29731
      objectReference: {fileID: 0}
    - target: {fileID: 1579599281791572456, guid: 10657333512a74852936ad4ccfff46a7,
        type: 3}
      propertyPath: m_LocalEulerAnglesHint.x
      value: 0.93216336
      objectReference: {fileID: 0}
    - target: {fileID: 1579599281791572456, guid: 10657333512a74852936ad4ccfff46a7,
        type: 3}
      propertyPath: m_LocalEulerAnglesHint.y
      value: -3.889557
      objectReference: {fileID: 0}
    - target: {fileID: 1579599281791572456, guid: 10657333512a74852936ad4ccfff46a7,
        type: 3}
      propertyPath: m_LocalEulerAnglesHint.z
      value: -10.756527
      objectReference: {fileID: 0}
    - target: {fileID: 2237987766499140064, guid: 10657333512a74852936ad4ccfff46a7,
        type: 3}
      propertyPath: m_LocalEulerAnglesHint.x
      value: 0.5866748
      objectReference: {fileID: 0}
    - target: {fileID: 2237987766499140064, guid: 10657333512a74852936ad4ccfff46a7,
        type: 3}
      propertyPath: m_LocalEulerAnglesHint.y
      value: 177.9547
      objectReference: {fileID: 0}
    - target: {fileID: 2237987766499140064, guid: 10657333512a74852936ad4ccfff46a7,
        type: 3}
      propertyPath: m_LocalEulerAnglesHint.z
      value: -177.74277
      objectReference: {fileID: 0}
    - target: {fileID: 3595343586386646938, guid: 10657333512a74852936ad4ccfff46a7,
        type: 3}
      propertyPath: m_LocalEulerAnglesHint.x
      value: -0.32196367
      objectReference: {fileID: 0}
    - target: {fileID: 3595343586386646938, guid: 10657333512a74852936ad4ccfff46a7,
        type: 3}
      propertyPath: m_LocalEulerAnglesHint.y
      value: -72.93731
      objectReference: {fileID: 0}
    - target: {fileID: 3595343586386646938, guid: 10657333512a74852936ad4ccfff46a7,
        type: 3}
      propertyPath: m_LocalEulerAnglesHint.z
      value: 0.22653271
      objectReference: {fileID: 0}
    - target: {fileID: 3621190814097281236, guid: 10657333512a74852936ad4ccfff46a7,
        type: 3}
      propertyPath: m_LocalEulerAnglesHint.x
      value: -64.87541
      objectReference: {fileID: 0}
    - target: {fileID: 3621190814097281236, guid: 10657333512a74852936ad4ccfff46a7,
        type: 3}
      propertyPath: m_LocalEulerAnglesHint.y
      value: -148.81888
      objectReference: {fileID: 0}
    - target: {fileID: 3621190814097281236, guid: 10657333512a74852936ad4ccfff46a7,
        type: 3}
      propertyPath: m_LocalEulerAnglesHint.z
      value: -44.126423
      objectReference: {fileID: 0}
    - target: {fileID: 3819913667609053336, guid: 10657333512a74852936ad4ccfff46a7,
        type: 3}
      propertyPath: m_LocalEulerAnglesHint.x
      value: 1.861399
      objectReference: {fileID: 0}
    - target: {fileID: 3819913667609053336, guid: 10657333512a74852936ad4ccfff46a7,
        type: 3}
      propertyPath: m_LocalEulerAnglesHint.y
      value: 0.6658319
      objectReference: {fileID: 0}
    - target: {fileID: 3819913667609053336, guid: 10657333512a74852936ad4ccfff46a7,
        type: 3}
      propertyPath: m_LocalEulerAnglesHint.z
      value: -2.2593946
      objectReference: {fileID: 0}
    - target: {fileID: 4725928789055325870, guid: 10657333512a74852936ad4ccfff46a7,
        type: 3}
      propertyPath: m_LocalEulerAnglesHint.x
      value: -84.97785
      objectReference: {fileID: 0}
    - target: {fileID: 4725928789055325870, guid: 10657333512a74852936ad4ccfff46a7,
        type: 3}
      propertyPath: m_LocalEulerAnglesHint.y
      value: -84.568146
      objectReference: {fileID: 0}
    - target: {fileID: 4725928789055325870, guid: 10657333512a74852936ad4ccfff46a7,
        type: 3}
      propertyPath: m_LocalEulerAnglesHint.z
      value: 90.19455
      objectReference: {fileID: 0}
    - target: {fileID: 5123843521159908988, guid: 10657333512a74852936ad4ccfff46a7,
        type: 3}
      propertyPath: m_LocalEulerAnglesHint.x
      value: 75.49841
      objectReference: {fileID: 0}
    - target: {fileID: 5123843521159908988, guid: 10657333512a74852936ad4ccfff46a7,
        type: 3}
      propertyPath: m_LocalEulerAnglesHint.y
      value: -52.377697
      objectReference: {fileID: 0}
    - target: {fileID: 5123843521159908988, guid: 10657333512a74852936ad4ccfff46a7,
        type: 3}
      propertyPath: m_LocalEulerAnglesHint.z
      value: 176.46005
      objectReference: {fileID: 0}
    - target: {fileID: 5668870164029985847, guid: 10657333512a74852936ad4ccfff46a7,
        type: 3}
      propertyPath: m_LocalEulerAnglesHint.x
      value: 2.3117867
      objectReference: {fileID: 0}
    - target: {fileID: 5668870164029985847, guid: 10657333512a74852936ad4ccfff46a7,
        type: 3}
      propertyPath: m_LocalEulerAnglesHint.y
      value: 5.113958
      objectReference: {fileID: 0}
    - target: {fileID: 5668870164029985847, guid: 10657333512a74852936ad4ccfff46a7,
        type: 3}
      propertyPath: m_LocalEulerAnglesHint.z
      value: 9.003183
      objectReference: {fileID: 0}
    - target: {fileID: 6495092461395397894, guid: 10657333512a74852936ad4ccfff46a7,
        type: 3}
      propertyPath: m_LocalEulerAnglesHint.x
      value: 3.100508
      objectReference: {fileID: 0}
    - target: {fileID: 6495092461395397894, guid: 10657333512a74852936ad4ccfff46a7,
        type: 3}
      propertyPath: m_LocalEulerAnglesHint.y
      value: 83.96479
      objectReference: {fileID: 0}
    - target: {fileID: 6495092461395397894, guid: 10657333512a74852936ad4ccfff46a7,
        type: 3}
      propertyPath: m_LocalEulerAnglesHint.z
      value: -97.40696
      objectReference: {fileID: 0}
    - target: {fileID: 7120018583481324284, guid: 10657333512a74852936ad4ccfff46a7,
        type: 3}
      propertyPath: m_LocalEulerAnglesHint.x
      value: 8.74027
      objectReference: {fileID: 0}
    - target: {fileID: 7120018583481324284, guid: 10657333512a74852936ad4ccfff46a7,
        type: 3}
      propertyPath: m_LocalEulerAnglesHint.y
      value: -11.228955
      objectReference: {fileID: 0}
    - target: {fileID: 7120018583481324284, guid: 10657333512a74852936ad4ccfff46a7,
        type: 3}
      propertyPath: m_LocalEulerAnglesHint.z
      value: -17.404688
      objectReference: {fileID: 0}
    - target: {fileID: 7542284731884969320, guid: 10657333512a74852936ad4ccfff46a7,
        type: 3}
      propertyPath: m_LocalEulerAnglesHint.x
      value: -8.119146
      objectReference: {fileID: 0}
    - target: {fileID: 7542284731884969320, guid: 10657333512a74852936ad4ccfff46a7,
        type: 3}
      propertyPath: m_LocalEulerAnglesHint.y
      value: -3.2146318
      objectReference: {fileID: 0}
    - target: {fileID: 7542284731884969320, guid: 10657333512a74852936ad4ccfff46a7,
        type: 3}
      propertyPath: m_LocalEulerAnglesHint.z
      value: 0.19092596
      objectReference: {fileID: 0}
    m_RemovedComponents: []
  m_SourcePrefab: {fileID: 100100000, guid: 10657333512a74852936ad4ccfff46a7, type: 3}
--- !u!1 &5752197630950344165 stripped
GameObject:
  m_CorrespondingSourceObject: {fileID: -927199367670048503, guid: 10657333512a74852936ad4ccfff46a7,
    type: 3}
  m_PrefabInstance: {fileID: 4391577339971820780}
  m_PrefabAsset: {fileID: 0}
--- !u!4 &8757443660443121654 stripped
Transform:
  m_CorrespondingSourceObject: {fileID: -4216859302048453862, guid: 10657333512a74852936ad4ccfff46a7,
    type: 3}
  m_PrefabInstance: {fileID: 4391577339971820780}
  m_PrefabAsset: {fileID: 0}
--- !u!95 &1658084827374672524 stripped
Animator:
  m_CorrespondingSourceObject: {fileID: -6057140222963153312, guid: 10657333512a74852936ad4ccfff46a7,
    type: 3}
  m_PrefabInstance: {fileID: 4391577339971820780}
  m_PrefabAsset: {fileID: 0}
--- !u!4 &6605076514399351218 stripped
Transform:
  m_CorrespondingSourceObject: {fileID: 7447817208683605342, guid: 10657333512a74852936ad4ccfff46a7,
    type: 3}
  m_PrefabInstance: {fileID: 4391577339971820780}
  m_PrefabAsset: {fileID: 0}
